@BOOK
  {KandR,
   AUTHOR  = "Kernighan, Brian W. and Ritchie, Dennis M.",
   TITLE   = "{The C Programming Language Second Edition}",
   PUBLISHER = "Prentice-Hall, Inc.",
   YEAR = 1988
  }
  
  @article{HengChouGao14,
    author    = "Liang Heng, Daniel Chou, Grace Xingxin Gao",
    title     = "Reliable GPS-Based Timing for Power Systems: A Multi-Layered, Multi Receiver Architecture",
    journal   = "InsideGNSS",
    %volume   = "",
    %number   = "",
    pages    = "12",
    year      = "2014",
    month    = "November/December",
    %note     = "",
}
  