@BOOK {KandR,
   AUTHOR  = "Kernighan, Brian W. and Ritchie, Dennis M.",
   TITLE   = "{The C Programming Language Second Edition}",
   PUBLISHER = "Prentice-Hall, Inc.",
   YEAR = 1988
  }

  @techreport{DUQU_BUD,
  author = "Boldizsár Bencsáth and Gábor Pék and Levente Buttyán and Márk Félegyházi",
  title = {Duqu: A Stuxnet-like malware found in the wild},
  howpublished = {\url{http://www.crysys.hu/publications/files/bencsathPBF11duqu.pdf}},
  type = {Report},
  institution = "Budapest University of Technology and Economics: Department of Telecommunications",
  note = {Accessed: 7-9-2015}
}