@BOOK {KandR,
   AUTHOR  = "Kernighan, Brian W. and Ritchie, Dennis M.",
   TITLE   = "{The C Programming Language Second Edition}",
   PUBLISHER = "Prentice-Hall, Inc.",
   YEAR = 1988
  }
  
@article{HengChouGao14,
    author    = "Liang Heng, Daniel Chou, Grace Xingxin Gao",
    title     = "Reliable GPS-Based Timing for Power Systems: A Multi-Layered, Multi Receiver Architecture",
    journal   = "InsideGNSS",
    pages    = "12",
    year      = "2014",
    month    = "November/December"
}

@misc{GPSGOVSS,
  author = "National Coordination Office for Space-Based Positioning, Navigation, and Timing",
  title = {Space Segment},
  howpublished = {\url{http://www.gps.gov/systems/gps/space/}},
  note = {Accessed: 16-04-2015}
}

@misc{GPSGOVTE,
  author = "National Coordination Office for Space-Based Positioning, Navigation, and Timing",
  title = {Trilateration Exercise},
  howpublished = {\url{http://www.gps.gov/multimedia/tutorials/trilateration/}},
  note = {Accessed: 21-04-2015}
}

@article{CSMG,
  author = "Carlene Stephens and Maggie Dennis",
  title = "Engineering time: inventing the electronic wristwatch",
  journal = "British Journal for the History of Science",
  year = 2000,
  volume = 33,
  pages = "477-497",
  url = {www.ieee-uffc.org/main/history/step.pdf}
}

@misc{NATINT,
  author = "National Instruments",
  title = {GPS Receiver Testing},
  howpublished = {\url{http://www.insidegnss.com/special/elib/National_Instruments_GPS_Rx_Testing_tutorial.pdf}},
  note = {Accessed: 16-04-2015}
}

@misc{GISTRILATERATE,
  author = "GIS Commons",
  howpublished = {\url{http://giscommons.org/files/2010/01/2.141.gif}},
  url = {http://giscommons.org/chapter-2-input/},
  note = {Licenced under CC BY-SA 3.0 \url{http://creativecommons.org/licenses/by-sa/3.0/}}
}

@misc{ESA,
  author = "European Space Agency",
  title = {GPS Receivers},
  howpublished = {\url{http://www.navipedia.net/index.php/GPS_Receivers}},
  note = {Accessed: 16-04-2015}
}

@BOOK{SteJ,
  author = "Steven Johnson",
  title = "Where good ideas come from, the natural history of innovation",
  publisher = "New York: Riverhead Books",
  year = 2010 
} 

@misc{HP,
  author = "Carl R. Nave",
  title = {HyperPhysics},
  howpublished = {\url{http://hyperphysics.phy-astr.gsu.edu/hbase/acloc.html}},
  note = {Accessed: 16-04-2015}
}

@misc{DENCES,
  author = "Dennis S.K",
  howpublished = {\url{http://en.wikipedia.org/wiki/Caesium}},
  url = {http://commons.wikimedia.org/wiki/User:Dnn87#/media/File:CsCrystals1.JPG},
  note = {Licenced under CC BY-SA 3.0 \url{http://creativecommons.org/licenses/by-sa/3.0/}}
}

@article{EVPMUGA,
  author = "Daniel P. Shepard and Todd E. Humphreys and Aaron A. Fansler",
  title = "Evaluation of the Vulnerability of Phasor Measurement Units to GPS Spoofing Attacks",
  year = 2012
}

@article{SGRCOOPMU,
  author = "Xichen Jiang",
  title = "SPOOFING GPS RECEIVER CLOCK OFFSET OF PHASOR MEASUREMENT UNITS",
  url = {tcipg.org/sites/default/files/papers/2012_Q2_CPR2.pdf},
  year = 2012
}

@misc{TRIMBLETIME,
  author = "Trimble Navigation Limited",
  title = {Trimble GPS Tutorial Getting perfect timing},
  howpublished = {\url{http://www.trimble.com/gps_tutorial/howgps-timing2.aspx}},
  note = {Accessed: 18-05-2015}
}

@misc{SADS,
  author = "Symmetricom",
  title = {SA.45s CSAC Data sheet},
  howpublished = {\url{http://www.chronos.co.uk/files/pdfs/mic/sa.45s.pdf}},
  note = {Accessed: 2-7-2015}
}

@article{ylyl,
  author    = "Yilu Liu and Lamine Mili and Jaime De La Ree and Reynaldo Francisco Nuqui and Reynaldo Francisco Nuqui",
  title     = "State Estimation and Voltage Security Monitoring Using Synchronized Phasor Measurement",
  note = {Accessed: 2-7-2015},
  year      = 2001
}

@misc{RASPI,
  author = "Raspberry Pi Foundation",
  title = "Raspberry Pi 3 Model B",
  url = "https://www.raspberrypi.org/products/raspberry-pi-3-model-b/",
  note = {Accessed: 26-9-2016}
}

@misc{RASPBIAN,
  author = "Mike Thompson and Peter Green",
  title = "Raspbian",
  url = "https://www.raspbian.org/",
  note = {Accessed: 26-9-2016}
}

@manual{UBLOXM8T,
  author = "u-blox",
  note = {Available at \url{https://www.u-blox.com/sites/default/files/products/documents/NEO-LEA-M8T-FW3_ProductSummary_%28UBX-16000801%29.pdf}},
  number = "UBX-16000801 - R03",
  note = {Accessed: 2-7-2015}
  }

@misc{GCC11,
  author = "Free Software Foundation, Inc",
  url = "https://gcc.gnu.org/gcc-4.6/cxx0x_status.html"
  }
